
  <record>
    <leader>01000aam  22002601a 4500</leader>
    <controlfield tag="001">YPZ16654</controlfield>
    <controlfield tag="003">YPZ</controlfield>
    <controlfield tag="005">200611060941120</controlfield>
    <controlfield tag="008">061106|###########||||||b||||||||||spa|d</controlfield>
    <datafield tag="040" ind1=" " ind2=" ">
      <subfield code="c">SIUNPA</subfield>
    </datafield>
    <datafield tag="041" ind1=" " ind2=" ">
      <subfield code="a">spa</subfield>
    </datafield>
    <datafield tag="044" ind1=" " ind2=" ">
      <subfield code="a">AR</subfield>
    </datafield>
    <datafield tag="080" ind1=" " ind2=" ">
      <subfield code="a">T37.015.4 P686a</subfield>
    </datafield>
    <datafield tag="100" ind1=" " ind2=" ">
      <subfield code="a">Pitrella, Graciela Noemí.</subfield>
    </datafield>
    <datafield tag="245" ind1=" " ind2=" ">
      <subfield code="a">Análisis socio-institucional de las dificultades en el aprendizaje en el primer nivel de las escuelas de E.G.B., distribuidas en los barrios periféricos de Río Gallegos, en especial de los factores sociales que inciden en las mismas</subfield>
      <subfield code="b"> : Estudio de caso</subfield>
    </datafield>
    <datafield tag="260" ind1=" " ind2=" ">
      <subfield code="a">Río Gallegos</subfield>
      <subfield code="c"> , 2000</subfield>
    </datafield>
    <datafield tag="500" ind1=" " ind2=" ">
      <subfield code="a">Tesis (Licenciatura en trabajo social) - Universidad Nacional de la Patagonia Austral, 2000</subfield>
    </datafield>
    <datafield tag="500" ind1=" " ind2=" ">
      <subfield code="a">Proyecto e informes de tesis</subfield>
    </datafield>
    <datafield tag="505" ind1=" " ind2=" ">
      <subfield code="a">Contenido del anexo: carpeta de campo del proyecto de tesis</subfield>
    </datafield>
    <datafield tag="650" ind1=" " ind2=" ">
      <subfield code="a"> APRENDIZAJE</subfield>
    </datafield>
    <datafield tag="650" ind1=" " ind2=" ">
      <subfield code="a"> DIFICULTADES EN EL APRENDIZAJE</subfield>
    </datafield>
    <datafield tag="650" ind1=" " ind2=" ">
      <subfield code="a"> EGB</subfield>
    </datafield>
    <datafield tag="650" ind1=" " ind2=" ">
      <subfield code="a"> SOCIOLOGIA DE LA EDUCACION</subfield>
    </datafield>
    <datafield tag="650" ind1=" " ind2=" ">
      <subfield code="a"> RIO GALLEGOS (SANTA CRUZ)</subfield>
    </datafield>
    <datafield tag="942" ind1=" " ind2=" ">
      <subfield code="c">TS</subfield>
    </datafield>
    <datafield tag="952" ind1=" " ind2=" ">
      <subfield code="a">BIB_RECT</subfield>
      <subfield code="b">BIB_UARG</subfield>
      <subfield code="d">2006-10-09</subfield>
      <subfield code="y">TS</subfield>
      <subfield code="p">05-30960</subfield>
      <subfield code="i">05-30960</subfield>
      <subfield code="g">8</subfield>
      <subfield code="o">T37.015.4 P686a</subfield>
      <subfield code="e">Donación</subfield>
      <subfield code="8">CG</subfield>
    </datafield>
    <datafield tag="952" ind1=" " ind2=" ">
      <subfield code="a">BIB_RECT</subfield>
      <subfield code="b">BIB_UARG</subfield>
      <subfield code="d">2006-10-09</subfield>
      <subfield code="y">TS</subfield>
      <subfield code="p">05-30961</subfield>
      <subfield code="i">05-30961</subfield>
      <subfield code="g">8</subfield>
      <subfield code="o">T37.015.4 P686a</subfield>
      <subfield code="e">Donación</subfield>
      <subfield code="8">CG</subfield>
    </datafield>
  </record>