
  <record>
    <leader>01000aam  22002601a 4500</leader>
    <controlfield tag="001">YPZ16655</controlfield>
    <controlfield tag="003">YPZ</controlfield>
    <controlfield tag="005">200611061051060</controlfield>
    <controlfield tag="008">061106|###########||||||b||||||||||spa|d</controlfield>
    <datafield tag="040" ind1=" " ind2=" ">
      <subfield code="c">SIUNPA</subfield>
    </datafield>
    <datafield tag="041" ind1=" " ind2=" ">
      <subfield code="a">spa</subfield>
    </datafield>
    <datafield tag="044" ind1=" " ind2=" ">
      <subfield code="a">ES</subfield>
    </datafield>
    <datafield tag="080" ind1=" " ind2=" ">
      <subfield code="a">T372.853 M644c</subfield>
    </datafield>
    <datafield tag="100" ind1=" " ind2=" ">
      <subfield code="a">Milicic, Beatriz.</subfield>
    </datafield>
    <datafield tag="245" ind1=" " ind2=" ">
      <subfield code="a">La cultura profesional como condicionante de la adaptación de los profesores de física universitaria en la enseñanza de la física</subfield>
    </datafield>
    <datafield tag="260" ind1=" " ind2=" ">
      <subfield code="a">Valencia</subfield>
      <subfield code="c"> , 2004</subfield>
    </datafield>
    <datafield tag="300" ind1=" " ind2=" ">
      <subfield code="a">77,[11] h. : </subfield>
      <subfield code="b">cuadros ; </subfield>
      <subfield code="a">106 h. : </subfield>
      <subfield code="b">fot., cuadros ; </subfield>
      <subfield code="a">113 p. : </subfield>
      <subfield code="a">142 h. : </subfield>
      <subfield code="b">fot. ; </subfield>
      <subfield code="a">93 p. : </subfield>
      <subfield code="a">119 h. : </subfield>
      <subfield code="b">cuadros ; </subfield>
      <subfield code="a">108 h. : </subfield>
      <subfield code="b">il. ; </subfield>
      <subfield code="a">92 p. : </subfield>
      <subfield code="b">cuadros ; </subfield>
      <subfield code="a">75 p. : </subfield>
      <subfield code="b">cuadros ; </subfield>
      <subfield code="a">126 p. : </subfield>
      <subfield code="b">gráficos ; </subfield>
      <subfield code="a">49 p. : </subfield>
      <subfield code="b">gráficos ; </subfield>
      <subfield code="a">[88] p. : </subfield>
      <subfield code="b">cuadros ; </subfield>
      <subfield code="a">74 h. : </subfield>
      <subfield code="b">cuadros ; </subfield>
      <subfield code="a">48 p. : </subfield>
      <subfield code="a">xvi,[294] h. en varias foliaciones : </subfield>
      <subfield code="b">cuadros ; </subfield>
      <subfield code="a">278 h. : </subfield>
      <subfield code="b">cuadros ; </subfield>
      <subfield code="a">172 h. : </subfield>
      <subfield code="b">cuadros ; </subfield>
      <subfield code="a">91 h. : </subfield>
      <subfield code="b">il. ; </subfield>
      <subfield code="a">150 h. : </subfield>
      <subfield code="b">il. ; </subfield>
      <subfield code="a">1 CD-ROM (101 p. : </subfield>
      <subfield code="b">il., cuadros, gráf.) ; </subfield>
      <subfield code="a">ix, 196 p. : </subfield>
      <subfield code="b">il. ; </subfield>
      <subfield code="a">83 h. : </subfield>
      <subfield code="a">[445] h. : </subfield>
      <subfield code="b">il. ; </subfield>
      <subfield code="a">168 p. : </subfield>
      <subfield code="b">gráf. ; </subfield>
      <subfield code="a">91 (23) h. : </subfield>
      <subfield code="b">cuadros, gráf. ; </subfield>
      <subfield code="a">87 p. : </subfield>
      <subfield code="b">il. ; </subfield>
      <subfield code="a">89 p. : </subfield>
      <subfield code="b">il. ; </subfield>
      <subfield code="a">[215] h. : </subfield>
      <subfield code="b">cuadros ; </subfield>
      <subfield code="a">189 p. : </subfield>
      <subfield code="b">il. ; </subfield>
      <subfield code="a">vii, 83 p. : </subfield>
      <subfield code="b">il. ; </subfield>
      <subfield code="a">409, [22] p. : </subfield>
      <subfield code="a">93 p. : </subfield>
      <subfield code="a">xxii, 291 p. : </subfield>
      <subfield code="b">il. ; </subfield>
      <subfield code="a">576 p. : </subfield>
      <subfield code="a">[139] h. : </subfield>
      <subfield code="b">il. ; </subfield>
      <subfield code="a">[165] h. : </subfield>
      <subfield code="b">il. ; </subfield>
      <subfield code="a">[110] h. en varias foliaciones : </subfield>
      <subfield code="b">cuadros ; </subfield>
      <subfield code="a">203 p. : </subfield>
      <subfield code="b">cuadros ; </subfield>
      <subfield code="a">2 v. (209, 83 h.) : </subfield>
      <subfield code="b">il. ; </subfield>
      <subfield code="a">2 v. (116, 258 h.) : </subfield>
      <subfield code="b">cuadros ; </subfield>
      <subfield code="a">[332] h. en varias foliaciones : </subfield>
      <subfield code="a">[102] h. : </subfield>
      <subfield code="b">il. ; </subfield>
      <subfield code="a">2 v. (64, 236 h.) : </subfield>
      <subfield code="a">633 p. : </subfield>
      <subfield code="b">il. ; </subfield>
      <subfield code="e">1 CD-ROM en bolsillo</subfield>
    </datafield>
    <datafield tag="500" ind1=" " ind2=" ">
      <subfield code="a">Tesis (Doctorado) - Universidad de Valencia, Facultad de Filosofìa y Ciencias de la Educación 2004</subfield>
    </datafield>
    <datafield tag="650" ind1=" " ind2=" ">
      <subfield code="a"> FORMACION DE DOCENTES</subfield>
    </datafield>
    <datafield tag="650" ind1=" " ind2=" ">
      <subfield code="a"> ENSEÑANZA DE LA FISICA</subfield>
    </datafield>
    <datafield tag="650" ind1=" " ind2=" ">
      <subfield code="a"> UNIVERSIDADES</subfield>
    </datafield>
    <datafield tag="650" ind1=" " ind2=" ">
      <subfield code="a"> TESIS</subfield>
    </datafield>
    <datafield tag="942" ind1=" " ind2=" ">
      <subfield code="c">TS</subfield>
    </datafield>
    <datafield tag="952" ind1=" " ind2=" ">
      <subfield code="a">BIB_RECT</subfield>
      <subfield code="b">BIB_UARG</subfield>
      <subfield code="d">2006-10-09</subfield>
      <subfield code="y">TS</subfield>
      <subfield code="p">05-30975</subfield>
      <subfield code="i">05-30975</subfield>
      <subfield code="g">20</subfield>
      <subfield code="o">T372.853 M644c</subfield>
      <subfield code="e">Donación</subfield>
      <subfield code="8">CG</subfield>
    </datafield>
  </record>