
  <record>
    <leader>01000aam  22002601a 4500</leader>
    <controlfield tag="001">YPZ16666</controlfield>
    <controlfield tag="003">YPZ</controlfield>
    <controlfield tag="005">200611100948290</controlfield>
    <controlfield tag="008">061110|###########||||||b||||||||||spa|d</controlfield>
    <datafield tag="040" ind1=" " ind2=" ">
      <subfield code="c">SIUNPA</subfield>
    </datafield>
    <datafield tag="041" ind1=" " ind2=" ">
      <subfield code="a">spa</subfield>
    </datafield>
    <datafield tag="044" ind1=" " ind2=" ">
      <subfield code="a">AR</subfield>
    </datafield>
    <datafield tag="080" ind1=" " ind2=" ">
      <subfield code="a">T004.414.2 V272p</subfield>
    </datafield>
    <datafield tag="100" ind1=" " ind2=" ">
      <subfield code="a">Vanoli, Verónica Laura.</subfield>
    </datafield>
    <datafield tag="245" ind1=" " ind2=" ">
      <subfield code="a">Proyecto final de software</subfield>
    </datafield>
    <datafield tag="260" ind1=" " ind2=" ">
      <subfield code="a">Río Gallegos</subfield>
      <subfield code="c"> , 2001</subfield>
    </datafield>
    <datafield tag="300" ind1=" " ind2=" ">
      <subfield code="a">xvi, 531 p. : </subfield>
      <subfield code="a">130 h. : </subfield>
      <subfield code="a">92 h. : </subfield>
      <subfield code="b">cuadros ; </subfield>
      <subfield code="a">171 h. : </subfield>
      <subfield code="b">cuadros ; </subfield>
      <subfield code="a">67 h. : </subfield>
      <subfield code="b">cuadros, gráf. ; </subfield>
      <subfield code="a">121 h. : </subfield>
      <subfield code="b">il. ; </subfield>
      <subfield code="a">401 h. : </subfield>
      <subfield code="b">il. ; </subfield>
      <subfield code="a">iv, 174 p. : </subfield>
      <subfield code="b">il. ; </subfield>
      <subfield code="a">2 v. : </subfield>
      <subfield code="b">il. ; </subfield>
      <subfield code="e">1 CD-ROM en bolsillo</subfield>
    </datafield>
    <datafield tag="500" ind1=" " ind2=" ">
      <subfield code="a">Trabajo final (Licenciatura en sistemas) - Universidad Nacional de la Patagonia Austral, 2001</subfield>
    </datafield>
    <datafield tag="650" ind1=" " ind2=" ">
      <subfield code="a"> DISEÑO DE SISTEMAS</subfield>
    </datafield>
    <datafield tag="650" ind1=" " ind2=" ">
      <subfield code="a"> DESARROLLO DE SOFTWARE</subfield>
    </datafield>
    <datafield tag="650" ind1=" " ind2=" ">
      <subfield code="a"> PROYECTO INFORMATICO</subfield>
    </datafield>
    <datafield tag="650" ind1=" " ind2=" ">
      <subfield code="a"> TESIS</subfield>
    </datafield>
    <datafield tag="942" ind1=" " ind2=" ">
      <subfield code="c">TS</subfield>
    </datafield>
    <datafield tag="952" ind1=" " ind2=" ">
      <subfield code="a">BIB_RECT</subfield>
      <subfield code="b">BIB_UARG</subfield>
      <subfield code="d">2008-03-07</subfield>
      <subfield code="y">TS</subfield>
      <subfield code="p">05-34521</subfield>
      <subfield code="i">05-34521</subfield>
      <subfield code="g">15</subfield>
      <subfield code="o">T004.414.2 V272p</subfield>
      <subfield code="e">Donación</subfield>
      <subfield code="8">CG</subfield>
    </datafield>
    <datafield tag="952" ind1=" " ind2=" ">
      <subfield code="a">BIB_RECT</subfield>
      <subfield code="b">BIB_UARG</subfield>
      <subfield code="d">2008-03-07</subfield>
      <subfield code="y">TS</subfield>
      <subfield code="p">05-34522</subfield>
      <subfield code="i">05-34522</subfield>
      <subfield code="g">15</subfield>
      <subfield code="o">T004.414.2 V272p</subfield>
      <subfield code="e">Donación</subfield>
      <subfield code="8">CG</subfield>
    </datafield>
  </record>