
  <record>
    <leader>01000aam  22002601a 4500</leader>
    <controlfield tag="001">YPZ92253</controlfield>
    <controlfield tag="003">YPZ</controlfield>
    <controlfield tag="005">200912021939160</controlfield>
    <controlfield tag="008">091202|###########||||||b||||||||||spa|d</controlfield>
    <datafield tag="040" ind1=" " ind2=" ">
      <subfield code="c">SIUNPA</subfield>
    </datafield>
    <datafield tag="080" ind1=" " ind2=" ">
      <subfield code="a">T372.879.6 B338d</subfield>
    </datafield>
    <datafield tag="100" ind1=" " ind2=" ">
      <subfield code="a">Baudin, Miriam Alicia.</subfield>
    </datafield>
    <datafield tag="245" ind1=" " ind2=" ">
      <subfield code="a">Diferencias significativas acerca de la educación física en dos instituciones de Río Gallegos</subfield>
    </datafield>
    <datafield tag="260" ind1=" " ind2=" ">
      <subfield code="a">Río Gallegos</subfield>
      <subfield code="c"> , 2006</subfield>
    </datafield>
    <datafield tag="500" ind1=" " ind2=" ">
      <subfield code="a">Tesis (Licenciatura en Educación Física) - Universidad Nacional de la Patagonia Austral, 2006</subfield>
    </datafield>
    <datafield tag="505" ind1=" " ind2=" ">
      <subfield code="a">v. 1. Tesis - v. 2. Anexos I-II</subfield>
    </datafield>
    <datafield tag="650" ind1=" " ind2=" ">
      <subfield code="a"> EDUCACION FISICA</subfield>
    </datafield>
    <datafield tag="650" ind1=" " ind2=" ">
      <subfield code="a"> METODOS DE ENSEÑANZA</subfield>
    </datafield>
    <datafield tag="650" ind1=" " ind2=" ">
      <subfield code="a"> EGB</subfield>
    </datafield>
    <datafield tag="650" ind1=" " ind2=" ">
      <subfield code="a"> RIO GALLEGOS (SANTA CRUZ)</subfield>
    </datafield>
    <datafield tag="650" ind1=" " ind2=" ">
      <subfield code="a"> TESIS</subfield>
    </datafield>
    <datafield tag="942" ind1=" " ind2=" ">
      <subfield code="c">TS</subfield>
    </datafield>
    <datafield tag="952" ind1=" " ind2=" ">
      <subfield code="a">BIB_RECT</subfield>
      <subfield code="b">BIB_UARG</subfield>
      <subfield code="d">2009-12-02</subfield>
      <subfield code="y">TS</subfield>
      <subfield code="p">05-38548</subfield>
      <subfield code="i">05-38548</subfield>
      <subfield code="g">25</subfield>
      <subfield code="o">T372.879.6 B338d</subfield>
      <subfield code="e">SecIP-UARG-UNPA</subfield>
      <subfield code="8">CG</subfield>
    </datafield>
    <datafield tag="952" ind1=" " ind2=" ">
      <subfield code="a">BIB_RECT</subfield>
      <subfield code="b">BIB_UARG</subfield>
      <subfield code="d">2009-12-02</subfield>
      <subfield code="y">TS</subfield>
      <subfield code="p">05-38549</subfield>
      <subfield code="i">05-38549</subfield>
      <subfield code="g">20</subfield>
      <subfield code="o">T372.879.6 B338d</subfield>
      <subfield code="e">SecIP-UARG-UNPA</subfield>
      <subfield code="8">CG</subfield>
    </datafield>
  </record>