
  <record>
    <leader>01000aam  22002601a 4500</leader>
    <controlfield tag="001">YPZ92994</controlfield>
    <controlfield tag="003">YPZ</controlfield>
    <controlfield tag="005">201006031506500</controlfield>
    <controlfield tag="008">100603|###########||||||b||||||||||spa|d</controlfield>
    <datafield tag="040" ind1=" " ind2=" ">
      <subfield code="c">SIUNPA</subfield>
    </datafield>
    <datafield tag="041" ind1=" " ind2=" ">
      <subfield code="a">spa</subfield>
    </datafield>
    <datafield tag="044" ind1=" " ind2=" ">
      <subfield code="a">ES</subfield>
    </datafield>
    <datafield tag="080" ind1=" " ind2=" ">
      <subfield code="a">372.800.4 V696i</subfield>
    </datafield>
    <datafield tag="100" ind1=" " ind2=" ">
      <subfield code="a">Vilán Crespo, D. Luis.</subfield>
    </datafield>
    <datafield tag="245" ind1=" " ind2=" ">
      <subfield code="a">Integración real de la informática en el sistema educativo no universitario de Galicia</subfield>
      <subfield code="b"> : Implicaciones, problemática actual y aportaciones para la contextualización y desarrollo de la informática educativa</subfield>
    </datafield>
    <datafield tag="260" ind1=" " ind2=" ">
      <subfield code="a">Vigo</subfield>
      <subfield code="c"> , 2009</subfield>
    </datafield>
    <datafield tag="300" ind1=" " ind2=" ">
      <subfield code="a">2 v. (94, 120 h.) : </subfield>
      <subfield code="a">168 h. : </subfield>
      <subfield code="b">il. ; </subfield>
      <subfield code="a">136 h. : </subfield>
      <subfield code="b">il. ; </subfield>
      <subfield code="a">246 h. : </subfield>
      <subfield code="b">cuadros ; </subfield>
      <subfield code="a">69 h. : </subfield>
      <subfield code="b">il. ; </subfield>
      <subfield code="a">131 p. : </subfield>
      <subfield code="b">il. ; </subfield>
      <subfield code="a">3 v. (112, 197, 248 h.) : </subfield>
      <subfield code="b">il. ; </subfield>
      <subfield code="a">2 v. : </subfield>
      <subfield code="b">il. ; </subfield>
      <subfield code="a">221 h. : </subfield>
      <subfield code="a">150 h. : </subfield>
      <subfield code="b">il. ; </subfield>
      <subfield code="a">233 p. : </subfield>
      <subfield code="b">il. ; </subfield>
      <subfield code="a">[105] h. en varias foliaciones : </subfield>
      <subfield code="b">il. ; </subfield>
      <subfield code="a">59 h. : </subfield>
      <subfield code="b">il. ; </subfield>
      <subfield code="a">3 v. : </subfield>
      <subfield code="b">il. ; </subfield>
      <subfield code="a">183 p. : </subfield>
      <subfield code="b">il. ; </subfield>
      <subfield code="a">345 p. : </subfield>
      <subfield code="b">il. ; </subfield>
      <subfield code="a">127 h., [38] p., [12] h. : </subfield>
      <subfield code="b">cuadros, gráf. ; </subfield>
      <subfield code="a">[312] h. : </subfield>
      <subfield code="b">il. ; </subfield>
      <subfield code="a">2 v. : </subfield>
      <subfield code="b">cuadros ; </subfield>
      <subfield code="a">[268] p. en varias paginaciones : </subfield>
      <subfield code="b">il. ; </subfield>
      <subfield code="e">1 CD-ROM en bolsillo</subfield>
    </datafield>
    <datafield tag="500" ind1=" " ind2=" ">
      <subfield code="a">Tesis (Doctor en Informática Avanzada) - Universidad de Vigo, Departamento de Informática 2009</subfield>
    </datafield>
    <datafield tag="650" ind1=" " ind2=" ">
      <subfield code="a"> ENSEÑANZA DE LA INFORMATICA</subfield>
    </datafield>
    <datafield tag="650" ind1=" " ind2=" ">
      <subfield code="a"> TECNOLOGIA EDUCACIONAL</subfield>
    </datafield>
    <datafield tag="650" ind1=" " ind2=" ">
      <subfield code="a"> CURRICULUM ESCOLAR</subfield>
    </datafield>
    <datafield tag="650" ind1=" " ind2=" ">
      <subfield code="a"> METODOS DE ENSEÑANZA</subfield>
    </datafield>
    <datafield tag="650" ind1=" " ind2=" ">
      <subfield code="a"> GALICIA (ESPAÑA)</subfield>
    </datafield>
    <datafield tag="942" ind1=" " ind2=" ">
      <subfield code="c">TS</subfield>
    </datafield>
    <datafield tag="952" ind1=" " ind2=" ">
      <subfield code="a">BIB_RECT</subfield>
      <subfield code="b">BIB_UARG</subfield>
      <subfield code="d">2010-06-03</subfield>
      <subfield code="y">TS</subfield>
      <subfield code="p">05-39516</subfield>
      <subfield code="i">05-39516</subfield>
      <subfield code="g">45</subfield>
      <subfield code="o">372.800.4 V696i</subfield>
      <subfield code="e">Donación Casas, Sandra</subfield>
      <subfield code="8">CG</subfield>
    </datafield>
  </record>