
  <record>
    <leader>01000aam  22002601a 4500</leader>
    <controlfield tag="001">YPZ95209</controlfield>
    <controlfield tag="003">YPZ</controlfield>
    <controlfield tag="005">201205151857170</controlfield>
    <controlfield tag="008">120515|###########||||||b||||||||||spa|d</controlfield>
    <datafield tag="040" ind1=" " ind2=" ">
      <subfield code="c">SIUNPA</subfield>
    </datafield>
    <datafield tag="041" ind1=" " ind2=" ">
      <subfield code="a">spa</subfield>
    </datafield>
    <datafield tag="044" ind1=" " ind2=" ">
      <subfield code="a">AR</subfield>
    </datafield>
    <datafield tag="080" ind1=" " ind2=" ">
      <subfield code="a">T630*22 B151e</subfield>
    </datafield>
    <datafield tag="100" ind1=" " ind2=" ">
      <subfield code="a">Bahamonde, Héctor.</subfield>
    </datafield>
    <datafield tag="245" ind1=" " ind2=" ">
      <subfield code="a">Efecto de variables ambientales sobre la productividad primaria neta aérea y la concentración de proteína bruta de gramíneas en sistemas silvopastoriles de ñire (Nothofagus antarctica)</subfield>
      <subfield code="b"> : creación de un modelo de simulación</subfield>
    </datafield>
    <datafield tag="260" ind1=" " ind2=" ">
      <subfield code="a">Buenos Aires</subfield>
      <subfield code="c"> , 2011</subfield>
    </datafield>
    <datafield tag="500" ind1=" " ind2=" ">
      <subfield code="a">Tesis (Magister) - Escuela para graduados Ing. Agr. Alberto Soriano, Facultad de Agronomía, UBA, 2011</subfield>
    </datafield>
    <datafield tag="650" ind1=" " ind2=" ">
      <subfield code="a"> NOTHOFAGUS ANTARCTICA</subfield>
    </datafield>
    <datafield tag="942" ind1=" " ind2=" ">
      <subfield code="c">TS</subfield>
    </datafield>
    <datafield tag="952" ind1=" " ind2=" ">
      <subfield code="a">BIB_RECT</subfield>
      <subfield code="b">BIB_UARG</subfield>
      <subfield code="d">2012-05-15</subfield>
      <subfield code="y">TS</subfield>
      <subfield code="p">05-42461</subfield>
      <subfield code="i">05-42461</subfield>
      <subfield code="g">32</subfield>
      <subfield code="o">T630*22 B151e</subfield>
      <subfield code="e">Desconocido</subfield>
      <subfield code="8">CG</subfield>
    </datafield>
  </record>