
  <record>
    <leader>01000aam  22002601a 4500</leader>
    <controlfield tag="001">YPZ97327</controlfield>
    <controlfield tag="003">YPZ</controlfield>
    <controlfield tag="005">201304111306340</controlfield>
    <controlfield tag="008">130411|###########||||||b||||||||||spa|d</controlfield>
    <datafield tag="040" ind1=" " ind2=" ">
      <subfield code="c">SIUNPA</subfield>
    </datafield>
    <datafield tag="041" ind1=" " ind2=" ">
      <subfield code="a">spa</subfield>
    </datafield>
    <datafield tag="044" ind1=" " ind2=" ">
      <subfield code="a">CO</subfield>
      <subfield code="a">AR</subfield>
    </datafield>
    <datafield tag="080" ind1=" " ind2=" ">
      <subfield code="a">T911.37 R579s</subfield>
    </datafield>
    <datafield tag="100" ind1=" " ind2=" ">
      <subfield code="a">Rincón Gamba, Laura.</subfield>
    </datafield>
    <datafield tag="245" ind1=" " ind2=" ">
      <subfield code="a">Nativos e inmigrantes en Santa Cruz, Patagonia austral argentina</subfield>
      <subfield code="b"> : territorios y sujetos por una ciudadania universal para la reproducción ampliada de la vida de todos</subfield>
    </datafield>
    <datafield tag="260" ind1=" " ind2=" ">
      <subfield code="a">Bogotá</subfield>
      <subfield code="a">San Miguel, Buenos Aires</subfield>
      <subfield code="c"> , 2012</subfield>
    </datafield>
    <datafield tag="500" ind1=" " ind2=" ">
      <subfield code="a">Tit. de partida: Ser de acá o ser de allá no debería ser requisito</subfield>
    </datafield>
    <datafield tag="500" ind1=" " ind2=" ">
      <subfield code="a">Tesis (Maestría en Economía Social) - Universidad Nacional de General Sarmiento, UNGS 2012</subfield>
    </datafield>
    <datafield tag="650" ind1=" " ind2=" ">
      <subfield code="a"> INMIGRACION  POBLAMIENTO  SIGLO XX</subfield>
    </datafield>
    <datafield tag="650" ind1=" " ind2=" ">
      <subfield code="a"> HISTORIA DE SANTA CRUZ</subfield>
    </datafield>
    <datafield tag="650" ind1=" " ind2=" ">
      <subfield code="a"> SANTA CRUZ (ARGENTINA)</subfield>
    </datafield>
    <datafield tag="942" ind1=" " ind2=" ">
      <subfield code="c">TS</subfield>
    </datafield>
    <datafield tag="952" ind1=" " ind2=" ">
      <subfield code="a">BIB_RECT</subfield>
      <subfield code="b">BIB_UARG</subfield>
      <subfield code="d">2013-04-11</subfield>
      <subfield code="y">TS</subfield>
      <subfield code="p">05-44411</subfield>
      <subfield code="i">05-44411</subfield>
      <subfield code="g">45</subfield>
      <subfield code="o">T911.37 R579s</subfield>
      <subfield code="e">Rincón Gamba, Laura</subfield>
      <subfield code="8">CG</subfield>
    </datafield>
  </record>