
  <record>
    <leader>01000aam  22002601a 4500</leader>
    <controlfield tag="001">YPZ98163</controlfield>
    <controlfield tag="003">YPZ</controlfield>
    <controlfield tag="005">201309121533400</controlfield>
    <controlfield tag="008">130912|###########||||||b||||||||||spa|d</controlfield>
    <datafield tag="040" ind1=" " ind2=" ">
      <subfield code="c">SIUNPA</subfield>
    </datafield>
    <datafield tag="041" ind1=" " ind2=" ">
      <subfield code="a">spa</subfield>
    </datafield>
    <datafield tag="044" ind1=" " ind2=" ">
      <subfield code="a">AR</subfield>
    </datafield>
    <datafield tag="080" ind1=" " ind2=" ">
      <subfield code="a">T37.018.43 G643o</subfield>
    </datafield>
    <datafield tag="100" ind1=" " ind2=" ">
      <subfield code="a">Gonzalez, Silvia.</subfield>
    </datafield>
    <datafield tag="245" ind1=" " ind2=" ">
      <subfield code="a">El Observatorio de las Tecnologías en Educación en la Patagonia</subfield>
    </datafield>
    <datafield tag="260" ind1=" " ind2=" ">
      <subfield code="a">Río Gallegos</subfield>
      <subfield code="c"> , 2013</subfield>
    </datafield>
    <datafield tag="300" ind1=" " ind2=" ">
      <subfield code="a">359 p. : </subfield>
      <subfield code="a">325 h. : </subfield>
      <subfield code="b">il. ; </subfield>
      <subfield code="a">53 h. : </subfield>
      <subfield code="a">91 p. : </subfield>
      <subfield code="b">il. ; </subfield>
      <subfield code="a">172 h. : </subfield>
      <subfield code="a">141 p. : </subfield>
      <subfield code="b">il. ; </subfield>
      <subfield code="a">[132] p. : </subfield>
      <subfield code="b">il. ; </subfield>
      <subfield code="a">73 h. : </subfield>
      <subfield code="b">il. ; </subfield>
      <subfield code="a">xii, 217 p. : </subfield>
      <subfield code="b">il. ; </subfield>
      <subfield code="a">[ca. 171] h. : </subfield>
      <subfield code="b">il. ; </subfield>
      <subfield code="a">307 p. : </subfield>
      <subfield code="b">il. ; </subfield>
      <subfield code="a">2 v. : </subfield>
      <subfield code="b">il. ; </subfield>
      <subfield code="a">[119] h. en varias foliaciones : </subfield>
      <subfield code="b">il. ; </subfield>
      <subfield code="a">106 h. : </subfield>
      <subfield code="b">il. ; </subfield>
      <subfield code="a">xv, 105 h. : </subfield>
      <subfield code="b">il. ; </subfield>
      <subfield code="a">52 h. : </subfield>
      <subfield code="b">il. ; </subfield>
      <subfield code="a">85 p. : </subfield>
      <subfield code="b">il. ; </subfield>
      <subfield code="e">1 CD-ROM en bolsillo</subfield>
    </datafield>
    <datafield tag="500" ind1=" " ind2=" ">
      <subfield code="a">Tesis (M.A) - Maestría en Educación en Entornos Virtuales, Universidad Nacional de la Patagonia Austral, 2013</subfield>
    </datafield>
    <datafield tag="650" ind1=" " ind2=" ">
      <subfield code="a"> TECNOLOGIA DE LA INFORMACION</subfield>
    </datafield>
    <datafield tag="650" ind1=" " ind2=" ">
      <subfield code="a"> UNIVERSIDADES </subfield>
    </datafield>
    <datafield tag="650" ind1=" " ind2=" ">
      <subfield code="a"> EDUCACION A DISTANCIA</subfield>
    </datafield>
    <datafield tag="650" ind1=" " ind2=" ">
      <subfield code="a"> ENSEÑANZA VIRTUAL </subfield>
    </datafield>
    <datafield tag="650" ind1=" " ind2=" ">
      <subfield code="a"> OBSERVATORIOS EDUCATIVOS</subfield>
    </datafield>
    <datafield tag="650" ind1=" " ind2=" ">
      <subfield code="a"> POLITICA EDUCATIVA </subfield>
    </datafield>
    <datafield tag="650" ind1=" " ind2=" ">
      <subfield code="a"> TESIS </subfield>
    </datafield>
    <datafield tag="650" ind1=" " ind2=" ">
      <subfield code="a"> REGION PATAGONICA</subfield>
    </datafield>
    <datafield tag="942" ind1=" " ind2=" ">
      <subfield code="c">TS</subfield>
    </datafield>
    <datafield tag="952" ind1=" " ind2=" ">
      <subfield code="a">BIB_RECT</subfield>
      <subfield code="b">BIB_UARG</subfield>
      <subfield code="d">2013-09-12</subfield>
      <subfield code="y">TS</subfield>
      <subfield code="p">05-45535</subfield>
      <subfield code="i">05-45535</subfield>
      <subfield code="g">50</subfield>
      <subfield code="o">T37.018.43 G643o</subfield>
      <subfield code="e">Don. Sec. de Ext. Univers.</subfield>
      <subfield code="8">CG</subfield>
    </datafield>
  </record>