
  <record>
    <leader>01000aam  22002601a 4500</leader>
    <controlfield tag="001">YPZ99985</controlfield>
    <controlfield tag="003">YPZ</controlfield>
    <controlfield tag="005">201604041131230</controlfield>
    <controlfield tag="008">160404|###########||||||b||||||||||spa|d</controlfield>
    <datafield tag="040" ind1=" " ind2=" ">
      <subfield code="c">SIUNPA</subfield>
    </datafield>
    <datafield tag="041" ind1=" " ind2=" ">
      <subfield code="a">spa</subfield>
    </datafield>
    <datafield tag="044" ind1=" " ind2=" ">
      <subfield code="a">AR</subfield>
    </datafield>
    <datafield tag="080" ind1=" " ind2=" ">
      <subfield code="a">T004.42 H557m</subfield>
    </datafield>
    <datafield tag="100" ind1=" " ind2=" ">
      <subfield code="a">Hernández, Sebastián Alejandro.</subfield>
    </datafield>
    <datafield tag="245" ind1=" " ind2=" ">
      <subfield code="a">Mejoras al algoritmo de evolución diferencial para resolver problemas de optimización con restricciones</subfield>
    </datafield>
    <datafield tag="260" ind1=" " ind2=" ">
      <subfield code="a">Río Gallegos</subfield>
      <subfield code="c"> , 2015</subfield>
    </datafield>
    <datafield tag="500" ind1=" " ind2=" ">
      <subfield code="a">Tesis (Mg. en Informática y Sistemas) - Dirección de Postgrado, Universidad Nacional de la Patagonia Austral, 2015</subfield>
    </datafield>
    <datafield tag="650" ind1=" " ind2=" ">
      <subfield code="a"> ALGORITMOS</subfield>
    </datafield>
    <datafield tag="650" ind1=" " ind2=" ">
      <subfield code="a"> PROGRAMACION DE COMPUTADORA</subfield>
    </datafield>
    <datafield tag="942" ind1=" " ind2=" ">
      <subfield code="c">TS</subfield>
    </datafield>
    <datafield tag="952" ind1=" " ind2=" ">
      <subfield code="a">BIB_RECT</subfield>
      <subfield code="b">BIB_UASJ</subfield>
      <subfield code="d">2016-05-19</subfield>
      <subfield code="y">TS</subfield>
      <subfield code="p">04-47982</subfield>
      <subfield code="i">04-47982</subfield>
      <subfield code="g">120</subfield>
      <subfield code="o">T004.42 H557m</subfield>
      <subfield code="e">Donación</subfield>
      <subfield code="8">CG</subfield>
    </datafield>
    <datafield tag="952" ind1=" " ind2=" ">
      <subfield code="a">BIB_RECT</subfield>
      <subfield code="b">BIB_UASJ</subfield>
      <subfield code="d">2017-10-31</subfield>
      <subfield code="y">TS</subfield>
      <subfield code="p">04-49179</subfield>
      <subfield code="i">04-49179</subfield>
      <subfield code="g">0</subfield>
      <subfield code="o">T004.42 H557m</subfield>
      <subfield code="e">Donación</subfield>
      <subfield code="8">CG</subfield>
    </datafield>
    <datafield tag="952" ind1=" " ind2=" ">
      <subfield code="a">BIB_RECT</subfield>
      <subfield code="b">BIB_UARG</subfield>
      <subfield code="d">2016-04-04</subfield>
      <subfield code="y">TS</subfield>
      <subfield code="p">05-47730</subfield>
      <subfield code="i">05-47730</subfield>
      <subfield code="g">120</subfield>
      <subfield code="o">T004.42 H557m</subfield>
      <subfield code="e">Dir. Posgrado</subfield>
      <subfield code="8">CG</subfield>
    </datafield>
    <datafield tag="952" ind1=" " ind2=" ">
      <subfield code="a">BIB_RECT</subfield>
      <subfield code="b">BIB_UARG</subfield>
      <subfield code="d">2017-11-07</subfield>
      <subfield code="y">TS</subfield>
      <subfield code="p">05-49234</subfield>
      <subfield code="i">05-49234</subfield>
      <subfield code="g">250</subfield>
      <subfield code="o">T004.42 H557m</subfield>
      <subfield code="e">Dir. de postgrado</subfield>
      <subfield code="8">CG</subfield>
    </datafield>
  </record>