
  <record>
    <leader>01000aam  22002601a 4500</leader>
    <controlfield tag="001">YPZ99986</controlfield>
    <controlfield tag="003">YPZ</controlfield>
    <controlfield tag="005">201604041304490</controlfield>
    <controlfield tag="008">160404|###########||||||b||||||||||spa|d</controlfield>
    <datafield tag="040" ind1=" " ind2=" ">
      <subfield code="c">SIUNPA</subfield>
    </datafield>
    <datafield tag="041" ind1=" " ind2=" ">
      <subfield code="a">spa</subfield>
    </datafield>
    <datafield tag="044" ind1=" " ind2=" ">
      <subfield code="a">AR</subfield>
    </datafield>
    <datafield tag="080" ind1=" " ind2=" ">
      <subfield code="a">T37.018.43 R893t</subfield>
    </datafield>
    <datafield tag="100" ind1=" " ind2=" ">
      <subfield code="a">Rozas, Dina Noemí.</subfield>
    </datafield>
    <datafield tag="245" ind1=" " ind2=" ">
      <subfield code="a">El trabajo colaborativo</subfield>
      <subfield code="b"> : una experiencia de estrategia de innovación pedagógica en el entorno virtual de enseñanza y aprendizaje de la UNPA</subfield>
    </datafield>
    <datafield tag="260" ind1=" " ind2=" ">
      <subfield code="a">Río Gallegos</subfield>
      <subfield code="c"> , 2014</subfield>
    </datafield>
    <datafield tag="500" ind1=" " ind2=" ">
      <subfield code="a">Tesis (Mg. en Educación en Entornos Virtuales) - Dirección de Postgrado, Universidad Nacional de la Patagonia Austral, 2014</subfield>
    </datafield>
    <datafield tag="500" ind1=" " ind2=" ">
      <subfield code="a">el ej. 04-47976 consta de un solo volumen reunida las dos partes</subfield>
    </datafield>
    <datafield tag="650" ind1=" " ind2=" ">
      <subfield code="a"> ENSEÑANZA VIRTUAL</subfield>
    </datafield>
    <datafield tag="650" ind1=" " ind2=" ">
      <subfield code="a"> EDUCACION A DISTANCIA</subfield>
    </datafield>
    <datafield tag="650" ind1=" " ind2=" ">
      <subfield code="a"> METODOS DE ENSEÑANZA</subfield>
    </datafield>
    <datafield tag="942" ind1=" " ind2=" ">
      <subfield code="c">TS</subfield>
    </datafield>
    <datafield tag="952" ind1=" " ind2=" ">
      <subfield code="a">BIB_RECT</subfield>
      <subfield code="b">BIB_UASJ</subfield>
      <subfield code="d">2016-05-19</subfield>
      <subfield code="y">TS</subfield>
      <subfield code="p">04-47976</subfield>
      <subfield code="i">04-47976</subfield>
      <subfield code="g">180</subfield>
      <subfield code="o">T37.018.43 R893t</subfield>
      <subfield code="e">Donación</subfield>
      <subfield code="8">CG</subfield>
    </datafield>
    <datafield tag="952" ind1=" " ind2=" ">
      <subfield code="a">BIB_RECT</subfield>
      <subfield code="b">BIB_UASJ</subfield>
      <subfield code="d">2016-05-19</subfield>
      <subfield code="y">TS</subfield>
      <subfield code="p">04-47977</subfield>
      <subfield code="i">04-47977</subfield>
      <subfield code="g">180</subfield>
      <subfield code="o">T37.018.43 R893t</subfield>
      <subfield code="e">Donación</subfield>
      <subfield code="8">CG</subfield>
    </datafield>
    <datafield tag="952" ind1=" " ind2=" ">
      <subfield code="a">BIB_RECT</subfield>
      <subfield code="b">BIB_UARG</subfield>
      <subfield code="d">2016-04-04</subfield>
      <subfield code="y">TS</subfield>
      <subfield code="p">05-47731</subfield>
      <subfield code="i">05-47731</subfield>
      <subfield code="g">180</subfield>
      <subfield code="o">T37.018.43 R893t</subfield>
      <subfield code="e">Dir. Posgrado</subfield>
      <subfield code="8">CG</subfield>
    </datafield>
    <datafield tag="952" ind1=" " ind2=" ">
      <subfield code="a">BIB_RECT</subfield>
      <subfield code="b">BIB_UARG</subfield>
      <subfield code="d">2016-04-04</subfield>
      <subfield code="y">TS</subfield>
      <subfield code="p">05-47732</subfield>
      <subfield code="i">05-47732</subfield>
      <subfield code="g">180</subfield>
      <subfield code="o">T37.018.43 R893t</subfield>
      <subfield code="e">Dir. Posgrado</subfield>
      <subfield code="8">CG</subfield>
    </datafield>
  </record>