
  <record>
    <leader>01000aam  22002601a 4500</leader>
    <controlfield tag="001">YPZ100894</controlfield>
    <controlfield tag="003">YPZ</controlfield>
    <controlfield tag="005">201711091124300</controlfield>
    <controlfield tag="008">171109|###########||||||b||||||||||spa|d</controlfield>
    <datafield tag="040" ind1=" " ind2=" ">
      <subfield code="c">SIUNPA</subfield>
    </datafield>
    <datafield tag="041" ind1=" " ind2=" ">
      <subfield code="a">spa</subfield>
    </datafield>
    <datafield tag="044" ind1=" " ind2=" ">
      <subfield code="a">AR</subfield>
    </datafield>
    <datafield tag="080" ind1=" " ind2=" ">
      <subfield code="a">T614.253.5 R763e</subfield>
    </datafield>
    <datafield tag="100" ind1=" " ind2=" ">
      <subfield code="a">Romero, Alejandro Daniel.</subfield>
    </datafield>
    <datafield tag="245" ind1=" " ind2=" ">
      <subfield code="a">Estudio de la relación formador-formando en la decisión de abandono de estudiantes de primer año de la carrera de enfermería. ¿Un punto de fricción o un vértice ignorado?</subfield>
      <subfield code="b"> : la experiencia de la UNPA-UARG</subfield>
    </datafield>
    <datafield tag="260" ind1=" " ind2=" ">
      <subfield code="a">Río Gallegos</subfield>
      <subfield code="c"> , 2015</subfield>
    </datafield>
    <datafield tag="500" ind1=" " ind2=" ">
      <subfield code="a">Tesis para optar por el grado de Magister en Metodologías y Estrategias de Investigación indisciplinar en Ciencias Sociales, UNPA-UARG, 2015</subfield>
    </datafield>
    <datafield tag="650" ind1=" " ind2=" ">
      <subfield code="a"> FRACASO ESCOLAR</subfield>
    </datafield>
    <datafield tag="650" ind1=" " ind2=" ">
      <subfield code="a"> SERVICIOS DE ENFERMERIA</subfield>
    </datafield>
    <datafield tag="650" ind1=" " ind2=" ">
      <subfield code="a"> DESFAVORECIDOS SOCIALES</subfield>
    </datafield>
    <datafield tag="650" ind1=" " ind2=" ">
      <subfield code="a"> SERVICIO DE SALUD</subfield>
    </datafield>
    <datafield tag="942" ind1=" " ind2=" ">
      <subfield code="c">TS</subfield>
    </datafield>
    <datafield tag="952" ind1=" " ind2=" ">
      <subfield code="a">BIB_RECT</subfield>
      <subfield code="b">BIB_UARG</subfield>
      <subfield code="d">2017-11-09</subfield>
      <subfield code="y">TS</subfield>
      <subfield code="p">05-49235</subfield>
      <subfield code="i">05-49235</subfield>
      <subfield code="g">250</subfield>
      <subfield code="o">T614.253.5 R763e</subfield>
      <subfield code="e">Dir. Postgrado</subfield>
      <subfield code="8">CG</subfield>
    </datafield>
  </record>