
  <record>
    <leader>01000aam  22002601a 4500</leader>
    <controlfield tag="001">YPZ100916</controlfield>
    <controlfield tag="003">YPZ</controlfield>
    <controlfield tag="005">201711131349180</controlfield>
    <controlfield tag="008">171113|###########||||||b||||||||||spa|d</controlfield>
    <datafield tag="040" ind1=" " ind2=" ">
      <subfield code="c">SIUNPA</subfield>
    </datafield>
    <datafield tag="041" ind1=" " ind2=" ">
      <subfield code="a">spa</subfield>
    </datafield>
    <datafield tag="044" ind1=" " ind2=" ">
      <subfield code="a">AR</subfield>
    </datafield>
    <datafield tag="080" ind1=" " ind2=" ">
      <subfield code="a">T004.42 E595f</subfield>
    </datafield>
    <datafield tag="100" ind1=" " ind2=" ">
      <subfield code="a">Enriquez, Juan Gabriel.</subfield>
    </datafield>
    <datafield tag="245" ind1=" " ind2=" ">
      <subfield code="a">Framework para la generación de pruebas de campo para la evaluación de usuabilidad de aplicaciones móviles</subfield>
    </datafield>
    <datafield tag="260" ind1=" " ind2=" ">
      <subfield code="a">Río Gallegos</subfield>
      <subfield code="c"> , 2016</subfield>
    </datafield>
    <datafield tag="500" ind1=" " ind2=" ">
      <subfield code="a">Tesis (Mg. en Informática y Sistemas) - Dirección de Postgrado, Universidad Nacional de la Patagonia Austral, 2016</subfield>
    </datafield>
    <datafield tag="650" ind1=" " ind2=" ">
      <subfield code="a"> FRAMEWORK (PROGRAMA DE ORDENADOR)</subfield>
    </datafield>
    <datafield tag="650" ind1=" " ind2=" ">
      <subfield code="a"> PROGRAMACION DE COMPUTADORA</subfield>
    </datafield>
    <datafield tag="942" ind1=" " ind2=" ">
      <subfield code="c">TS</subfield>
    </datafield>
    <datafield tag="952" ind1=" " ind2=" ">
      <subfield code="a">BIB_RECT</subfield>
      <subfield code="b">BIB_UARG</subfield>
      <subfield code="d">2017-11-13</subfield>
      <subfield code="y">TS</subfield>
      <subfield code="p">05-49232</subfield>
      <subfield code="i">05-49232</subfield>
      <subfield code="g">250</subfield>
      <subfield code="o">T004.42 E595f</subfield>
      <subfield code="e">Dir. postgrado</subfield>
      <subfield code="8">CG</subfield>
    </datafield>
  </record>