
  <record>
    <leader>01000aam  22002601a 4500</leader>
    <controlfield tag="001">YPZ100921</controlfield>
    <controlfield tag="003">YPZ</controlfield>
    <controlfield tag="005">201711140945510</controlfield>
    <controlfield tag="008">171114|###########||||||b||||||||||spa|d</controlfield>
    <datafield tag="040" ind1=" " ind2=" ">
      <subfield code="c">SIUNPA</subfield>
    </datafield>
    <datafield tag="041" ind1=" " ind2=" ">
      <subfield code="a">spa</subfield>
    </datafield>
    <datafield tag="044" ind1=" " ind2=" ">
      <subfield code="a">AR</subfield>
    </datafield>
    <datafield tag="080" ind1=" " ind2=" ">
      <subfield code="a">T551.468.6  P688c</subfield>
    </datafield>
    <datafield tag="100" ind1=" " ind2=" ">
      <subfield code="a">Pittaluga, Susana.</subfield>
    </datafield>
    <datafield tag="245" ind1=" " ind2=" ">
      <subfield code="a">Caracterización de las comunidades bentónicas de fondos blandos del estuario del Río Gallegos (Patagonia Austral Argentina)</subfield>
      <subfield code="b"> : su utilización en la detección de impactos ambientales antrópicos</subfield>
    </datafield>
    <datafield tag="260" ind1=" " ind2=" ">
      <subfield code="a">Río Gallegos</subfield>
      <subfield code="c"> , 2016</subfield>
    </datafield>
    <datafield tag="500" ind1=" " ind2=" ">
      <subfield code="a">Tesis para optar por el grado de Magister en Manejo y Gestión de los Recursos Naturales en Patagonia - Dirección de Postgrado - UNPA, 2016</subfield>
    </datafield>
    <datafield tag="650" ind1=" " ind2=" ">
      <subfield code="a"> ESTUARIO</subfield>
    </datafield>
    <datafield tag="650" ind1=" " ind2=" ">
      <subfield code="a"> IMPACTO AMBIENTAL</subfield>
    </datafield>
    <datafield tag="650" ind1=" " ind2=" ">
      <subfield code="a"> RIO GALLEGOS (SANTA CRUZ)</subfield>
    </datafield>
    <datafield tag="942" ind1=" " ind2=" ">
      <subfield code="c">TS</subfield>
    </datafield>
    <datafield tag="952" ind1=" " ind2=" ">
      <subfield code="a">BIB_RECT</subfield>
      <subfield code="b">BIB_UARG</subfield>
      <subfield code="d">2017-11-14</subfield>
      <subfield code="y">TS</subfield>
      <subfield code="p">05-49230</subfield>
      <subfield code="i">05-49230</subfield>
      <subfield code="g">250</subfield>
      <subfield code="o">T551.468.6  P688c</subfield>
      <subfield code="e">Dir. postgrado</subfield>
      <subfield code="8">CG</subfield>
    </datafield>
  </record>