
  <record>
    <leader>01000aam  22002601a 4500</leader>
    <controlfield tag="001">YPZ100922</controlfield>
    <controlfield tag="003">YPZ</controlfield>
    <controlfield tag="005">201711141009450</controlfield>
    <controlfield tag="008">171114|###########||||||b||||||||||spa|d</controlfield>
    <datafield tag="040" ind1=" " ind2=" ">
      <subfield code="c">SIUNPA</subfield>
    </datafield>
    <datafield tag="041" ind1=" " ind2=" ">
      <subfield code="a">spa</subfield>
    </datafield>
    <datafield tag="044" ind1=" " ind2=" ">
      <subfield code="a">AR</subfield>
    </datafield>
    <datafield tag="080" ind1=" " ind2=" ">
      <subfield code="a">T364.041 A791r</subfield>
    </datafield>
    <datafield tag="100" ind1=" " ind2=" ">
      <subfield code="a">Artigas, Anabelle.</subfield>
    </datafield>
    <datafield tag="245" ind1=" " ind2=" ">
      <subfield code="a">Las representaciones sociales de las familias intervenidas en el área de protección integral de los derechos de los niños, niñas y adolescentes del ministerio de desarollo social acerca del rol que cumple el trabajador social</subfield>
    </datafield>
    <datafield tag="260" ind1=" " ind2=" ">
      <subfield code="a">Río Gallegos</subfield>
      <subfield code="c"> , 2015</subfield>
    </datafield>
    <datafield tag="300" ind1=" " ind2=" ">
      <subfield code="a">68 h. : </subfield>
      <subfield code="b">il. ; </subfield>
      <subfield code="a">96 h. : </subfield>
      <subfield code="b">il. ; </subfield>
      <subfield code="a">91 h. : </subfield>
      <subfield code="b">il. ; </subfield>
      <subfield code="a">171 h. : </subfield>
      <subfield code="b">il. ; </subfield>
      <subfield code="a">131 h. : </subfield>
      <subfield code="b">il. ; </subfield>
      <subfield code="a">128 p. : </subfield>
      <subfield code="b">il. ; </subfield>
      <subfield code="a">107 h. : </subfield>
      <subfield code="a">181 h. : </subfield>
      <subfield code="a">81 p. : </subfield>
      <subfield code="b">il. ; </subfield>
      <subfield code="a">182 h. : </subfield>
      <subfield code="e">1 DVD</subfield>
    </datafield>
    <datafield tag="500" ind1=" " ind2=" ">
      <subfield code="a">Tesis (Licenciatura en trabajo social) - Universidad Nacional de la Patagonia Austral, 2001</subfield>
    </datafield>
    <datafield tag="650" ind1=" " ind2=" ">
      <subfield code="a"> TRABAJO SOCIAL</subfield>
    </datafield>
    <datafield tag="650" ind1=" " ind2=" ">
      <subfield code="a"> METODOS DE EVALUACION</subfield>
    </datafield>
    <datafield tag="650" ind1=" " ind2=" ">
      <subfield code="a"> NIÑOS </subfield>
    </datafield>
    <datafield tag="650" ind1=" " ind2=" ">
      <subfield code="a"> ADOLESCENTE</subfield>
    </datafield>
    <datafield tag="650" ind1=" " ind2=" ">
      <subfield code="a"> FAMILIA</subfield>
    </datafield>
    <datafield tag="650" ind1=" " ind2=" ">
      <subfield code="a"> RIO GALLEGOS  (SANTA CRUZ) </subfield>
    </datafield>
    <datafield tag="650" ind1=" " ind2=" ">
      <subfield code="a"> TESIS</subfield>
    </datafield>
    <datafield tag="942" ind1=" " ind2=" ">
      <subfield code="c">TS</subfield>
    </datafield>
    <datafield tag="952" ind1=" " ind2=" ">
      <subfield code="a">BIB_RECT</subfield>
      <subfield code="b">BIB_UARG</subfield>
      <subfield code="d">2017-11-14</subfield>
      <subfield code="y">TS</subfield>
      <subfield code="p">05-49237</subfield>
      <subfield code="i">05-49237</subfield>
      <subfield code="g">250</subfield>
      <subfield code="o">T364.041 A791r</subfield>
      <subfield code="e">Sec. Academica</subfield>
      <subfield code="8">CG</subfield>
    </datafield>
  </record>