
  <record>
    <leader>01000aam  22002601a 4500</leader>
    <controlfield tag="001">YPZ101565</controlfield>
    <controlfield tag="003">YPZ</controlfield>
    <controlfield tag="005">201807030827520</controlfield>
    <controlfield tag="008">180703|###########||||||b||||||||||spa|d</controlfield>
    <datafield tag="040" ind1=" " ind2=" ">
      <subfield code="c">SIUNPA</subfield>
    </datafield>
    <datafield tag="041" ind1=" " ind2=" ">
      <subfield code="a">spa</subfield>
    </datafield>
    <datafield tag="044" ind1=" " ind2=" ">
      <subfield code="a">AR</subfield>
    </datafield>
    <datafield tag="080" ind1=" " ind2=" ">
      <subfield code="a">T654.19 M722m</subfield>
    </datafield>
    <datafield tag="100" ind1=" " ind2=" ">
      <subfield code="a">Molina, Daniel.</subfield>
    </datafield>
    <datafield tag="245" ind1=" " ind2=" ">
      <subfield code="a">Metaheurísticas aplicadas a la optimización de cobertura de señales de radio frecuencia aplicando un modelo de propagación adaptable</subfield>
    </datafield>
    <datafield tag="260" ind1=" " ind2=" ">
      <subfield code="a">Río Gallegos</subfield>
      <subfield code="c"> , 2016</subfield>
    </datafield>
    <datafield tag="500" ind1=" " ind2=" ">
      <subfield code="a">Tesis (Mg. en Informática y Sistemas) - Dirección de Postgrado, Universidad Nacional de la Patagonia Austral, 2017</subfield>
    </datafield>
    <datafield tag="650" ind1=" " ind2=" ">
      <subfield code="a"> RADIODIFUSION</subfield>
    </datafield>
    <datafield tag="650" ind1=" " ind2=" ">
      <subfield code="a"> MODELOS DE OPTIMIZACION</subfield>
    </datafield>
    <datafield tag="650" ind1=" " ind2=" ">
      <subfield code="a"> METAHEURISTICA</subfield>
    </datafield>
    <datafield tag="942" ind1=" " ind2=" ">
      <subfield code="c">TS</subfield>
    </datafield>
    <datafield tag="952" ind1=" " ind2=" ">
      <subfield code="a">BIB_RECT</subfield>
      <subfield code="b">BIB_UARG</subfield>
      <subfield code="d">2018-07-03</subfield>
      <subfield code="y">TS</subfield>
      <subfield code="p">05-49747</subfield>
      <subfield code="i">05-49747</subfield>
      <subfield code="g">390</subfield>
      <subfield code="o">T654.19 M722m</subfield>
      <subfield code="e">Sec. Acad.</subfield>
      <subfield code="8">CG</subfield>
    </datafield>
  </record>